
@online{kaggle,
	title = {120 years of Olympic history: athletes and results},
	url = {https://www.kaggle.com/datasets/heesoo37/120-years-of-olympic-history-athletes-and-results},
	shorttitle = {120 years of Olympic history},
	abstract = {basic bio data on athletes and medal results from Athens 1896 to Rio 2016},
	urldate = {2024-01-17},
	langid = {english},
	file = {Snapshot:/home/port-pret-etu01/Zotero/storage/QS3EV46N/data.html:text/html},
}

@online{fmi,
	title = {Download entire World Economic Outlook database, April 2019},
	url = {https://www.imf.org/en/Publications/WEO/weo-database/2023/October/download-entire-database},
	titleaddon = {{IMF}},
	urldate = {2024-01-17},
	file = {Snapshot:/home/port-pret-etu01/Zotero/storage/YK59XXM4/download-entire-database.html:text/html},
}

@online{ministere,
	title = {Data {ES} - Base de données},
	url = {https://equipements.sports.gouv.fr/explore/dataset/data-es/information/},
	abstract = {Base de données Data {ES}, équipements sportifs et lieux de pratiques mis à jour quotidiennement.},
	urldate = {2024-01-17},
	langid = {french},
	file = {Snapshot:/home/port-pret-etu01/Zotero/storage/BDLARENS/information.html:text/html},
}
